
@ARTICLE{armstrong,
    author={Armstrong, M},
    title = {Basic linear geostatistics},
    year = {1950},
    notes = {Publicado originalmente por Springer -Verlag
Berlín Heidelberg Nueva York en 1998. ISBN 978-3-540-61845-4}
}



@BOOK{henao_2015,
    author={Giraldo Henao, Ramón},
    title = {Introducción a la geoestadistica. (2015)},
    publisher={Universidad Nacional de Colombia},
    year = {s.f}
}

@BOOK{galicia_ea,
    author={Glécio, Machado Siqueira},
    title = {Variabilidad Espacial de la Temperatura  en Galicia a Escala Mensual },
    year = {2017},
    notes = {https://ruc.udc.es/dspace/bitstream/handle/2183/18490/MachadoSiqueira_Glecio_TD_2017.pdf?sequence=3&isAllowed=y}
}


@ARTICLE{marcelino_ea,
    author={Marcelino, Núñez Corchero and Manuel del Puerto, Centeno and Carlos, Leal Cidoncha and Álvaro, Camello Lázaro},
    title = { Análisis de dos métodos de interpolación y sus parametrps, para temperatura y precipitación mensuales, en extremadura},
    journal = {Delegación AEMET en Extremadura}
}


@BOOK{sanchez_ea,
    author={Francisco javier, Sanchéz Aspeytia},
    title = {Aplicación de la teoría geoestadística en la estimación de la temperatura media anual en la región sureste del estado de coahuila, méxico},
    publisher={Universidad Nacional de Colombia},
    year = {2011}
}


@ARTICLE{vicente_ea,
    author={Sergio Martín, Vicente Serrano and Miguel Ángel, Saz Sánchez},
    title = { Cartografía de precipitaciones en el valle medio del Ebro mediante la utilización de diferentes técnicas estadísticas},
    journal = {Dpto. de Geografía y Ordenación del Territorio. Universidad de Zaragoza},
    year = {2002},
    pages = {73-92},
}



@ARTICLE{hernan_ea,
    author={Roberto, Hernández Varela},
    title = {Estimación Espacial de la Temperatura del Aire mediante Krigingcon Deriva Externa},
    journal = {Tecnologías Geográficas para el Desarrollo Sostenible},
    year = {2000},
    pages = {39-52},
    notes = {http://www.age-geografia.es/tig/docs/IX_1/Hernandez_Roberto.pdf}
}



@ARTICLE{stott_ea,
    author={Stott P, and Stone D, Allen},
    title = {Human contribution to the European heatwave of 2003},
    journal = {Nature},
    year = {2004},
    volume = {432},
    pages = {610-614}
}



@ARTICLE{torres_ant,
    author={Torres, A and Ceballos, Luis},
    title = {Aplicación de la econometría espacial para el análisis de la miseria en los municipios del departamento de antioquía},
    journal = {Semestre Económico No. 37},
    year = {2015},
    volume = {18},
    pages = {103-128},
    notes = {ISSN 0120-6346}
}


@BOOK{giraldo,
    author={Giraldo Henao, Ramón},
    title = {Introducción a la geoestadistica. Teoría y Aplicación},
    publisher={Universidad Nacional de Colombia},
    year = {2011}
}

@BOOK{emery,
author = {Emery Xavier},
title = {Geoestadística},
year = {2013},
publisher = {fcfm},
notas = {https://www.u-cursos.cl/usuario/f697544fb48474f4153ef2aafbe4c963/mi_blog/r/Geoestadistica.pdf}
}

@BOOK{notas_clase2,
author = {},
title = {Notas de clase. Capitulo II. Geoestadística Lineal},
year = {}
}

@BOOK{melo_2015,
author = {Melo Martı́nez,  Carlos Eduardo},
title = {Estadística espacial teoría y aplicaciones.},
publisher = {Bogotá: Universidad Distrital
Francisco José de Caldas},
year = {2015}
}


@BOOK{melo,
author = {Melo Martı́nez,  Carlos Eduardo},
title = {Análisis geoestadístico Espacio Tiempo Basado en Distancias y Sṕlines con Aplicaciones},
year = {2012}
}


@BOOK{temp_boyaca,
author = {Socha Rincóno, Liliana Marcela },
title = {Analisis tendencial de la variación climatica "temperatura y precipitación" espacio-temporal del departamento de Boyacá (Colombia)},
year = {2012}
}

@BOOK{ea_hunter,
author = {Richard D Hunter and Ross K Meentemeyer},
title = {Climatologically Aided Mapping of Daily
Precipitation and Temperature},
year = {2005},
notas = {https://journals.ametsoc.org/doi/pdf/10.1175/JAM2295.1}
}



 
 

