@giraldo{ge,
author = {Varios Autores},
title = {Archivo Situacionista Hispano, tipo {@ONLINE}},
year = {1999},
url = {http://sindominio.net/ash},
urldate = {2013-10-01},
}


@torres {torres_antioquia.
author= {Torres, A. Ceballos, Luis, Arbel√°ez.}


}
