

@Article{Gallardo,
  author =       "A. Gallardo",
  title =        "Geostad√≠stica",
  journal =      "ecosistemas",
  number =       "3",
  year =         "12006",
  DOI =          "http://dx.doi.org/10.1002/andp.19053221004"
} 


http://mmc2.geofisica.unam.mx/cursos/geoest/Presentaciones/CG4_2009.pdf

